<record><leader>00000cas a2200000 a 4500</leader><controlfield tag="001">11902673</controlfield><controlfield tag="008">850410d183u18uuohuuu ne      0    0eng c</controlfield><datafield ind1=" " ind2=" " tag="010"><subfield code="a">sn 85025797 </subfield></datafield><datafield ind1=" " ind2=" " tag="040"><subfield code="a">NPX</subfield><subfield code="b">eng</subfield><subfield code="c">NPX</subfield><subfield code="d">DLC</subfield><subfield code="d">NVF</subfield><subfield code="d">NYS</subfield><subfield code="d">OCLCQ</subfield></datafield><datafield ind1=" " ind2=" " tag="042"><subfield code="a">pcc</subfield></datafield><datafield ind1="0" ind2=" " tag="130"><subfield code="a">Daily Republican (Cincinnati, Ohio)</subfield></datafield><datafield ind1="1" ind2="0" tag="245"><subfield code="a">Daily Republican.</subfield></datafield><datafield ind1=" " ind2=" " tag="250"><subfield code="a">[Country ed.].</subfield></datafield><datafield ind1=" " ind2=" " tag="260"><subfield code="a">Cincinnati, Ohio :</subfield><subfield code="b">s.n.]</subfield></datafield><datafield ind1=" " ind2=" " tag="300"><subfield code="a">v. ;</subfield><subfield code="c">59 cm.</subfield></datafield><datafield ind1=" " ind2=" " tag="500"><subfield code="a">Published without masthead; title from column heading.</subfield></datafield><datafield ind1=" " ind2=" " tag="500"><subfield code="a">Place of publication inferred from contents.</subfield></datafield><datafield ind1=" " ind2=" " tag="500"><subfield code="a">Editor: George W. Bradbury, &lt;1839&gt;.</subfield></datafield><datafield ind1=" " ind2=" " tag="580"><subfield code="a">Daily ed.: Daily Cincinnati Republican, &lt;1839&gt;.</subfield></datafield><datafield ind1=" " ind2=" " tag="588"><subfield code="a">Description based on: Jan. 3, 1839.</subfield></datafield><datafield ind1=" " ind2=" " tag="752"><subfield code="a">United States</subfield><subfield code="b">Ohio</subfield><subfield code="c">Hamilton</subfield><subfield code="d">Cincinnati.</subfield></datafield><datafield ind1="1" ind2=" " tag="775"><subfield code="t">Daily Cincinnati Republican</subfield><subfield code="w">(DLC)sn 85025798</subfield></datafield><datafield ind1="0" ind2="0" tag="780"><subfield code="t">Republican (Cincinnati, Ohio)</subfield><subfield code="w">(DLC)sn 85042322</subfield></datafield></record>